@inproceedings{bitvector_fpga,
    author = {Song, H. and Lockwood, J.},
    title = {{Efficient Packet Classification for Network Intrusion Detection using FPGA}},
    crossref = {fpga05},
    pages = {238--245}
}

@inproceedings{bv,
	author = {Lakshman, T. V. and Stiliadis, D.},
	title = {{High-Speed Policy-based Packet Forwarding Using Efficient Multi-dimensional Range Matching}},
	crossref = {sigcomm98},
	pages = {203--214},
}

@inproceedings{hicuts,
	author = {Gupta P. and McKeown N.},
	title = {{Packet Classification using Hierarchical Intelligent Cuttings}},
	crossref = {hoti99},
	pages = {34--41}
}

@inproceedings{qu2013fast,
  title={{Fast Dynamically Updatable Packet Classifier on FPGA}},
  author={Qu, Y. and Prasanna, V.},
  crossref = {fpl13},
  pages={1--4},
}

@inproceedings{abv,
	author = {Baboescu, Florin and Varghese, George},
	title = {{Scalable Packet Classification}},
	crossref = {sigcomm01},
	pages = {199--210},
}

@article{algorithms_survey,
	author = {Gupta, P. and McKeown, N.},
	title = {{Algorithms for Packet Classification}},
	journal = {IEEE Network: The Magazine of Global Internetworking},
	volume = {15},
	number = {2},
	month = mar,
	year = {2001},
	pages = {pp. 24--32},
}

@mastersthesis{heinzhigh,
  title = {{High Performance Packet Classification for Netfilter}},
  author = {Heinz, T.},
  type = {Diploma thesis},
  school = {Universit\"at des Saarlandes},
  location = {Saarbr√ºcken},
  year = {2004}
}

@misc{hipac,
	title = {nf-HiPAC: High Performance Firewall for Linux Netfilter},
	howpublished = {www.hipac.org},
}

@inproceedings{stimpfling2013optimal,
  title={{Optimal packet classification applicable to the OpenFlow context}},
  author={Stimpfling, T. and Savaria, Y. and B{\'e}liveau, A. and B{\'e}langer, N. and Cherkaoui, O.},
  crossref = {hpdc13},
  pages={9--14}
}

@techreport{openflow_spec10,
	author = {Heller, B. and others},
	title = {{OpenFlow Switch Specification}},
	institution = {Open Networking Foundation},
	year = 2009,
	month = dec
}

@inproceedings{firewall_compressor, 
	author = {Liu, A. and Torng, E. and Meiners, C.}, 
	title = {{Firewall Compressor: An Algorithm for Minimizing Firewall Policies}}, 
	crossref = {infocom08},
}

@inproceedings{redundancy_removal,
	author = {Liu, A. and Gouda, M.},
	title = {{Removing Redundancy from Packet Classifiers}},
	crossref = {sigcomm04},
}

@misc{classbench_website,
	title = {{ClassBench: A Packet Classification Benchmark}},
	howpublished = {http://www.arl.wustl.edu/classbench/},
}

@misc{netfilter,
	title = {The netfilter.org project},
	howpublished = {http://www.netfilter.org},
}

@misc{mininet,
    title = {{An Instant Virtual Network on your Laptop (or other PC)}},
    howpublished = {http://www.mininet.org},
}

@book{kurose_ross,
    title = {{Computer Networking: A Top-Down Approach}},
    author = {Kurose, J.F. and Ross, K.W.},
    year = {2008},
    edition = {4},
    publisher = {Pearson Education}
}

@techreport{onf_whitepaper,
    title = {{Software-Defined Networking: The New Norm for Networks}},
    institution = {{Open Networking Foundation}},
    year = {2012},
    month = {Apr},
}

@inproceedings{bpfplus,
    title = {{BPF+: Exploiting Global Data-flow Optimization in a Generalized Packet Filter Architecture}},
    author = {Begel, A. and McCanne, S. and Graham, S.},
    crossref = {sigcomm99},
    pages = {123--134},
}

@misc{outage,
    author = {Cowie, J.},
    title = {{Internet Touches Half Million Routes: Outages Possible Next Week}},
    howpublished = {http://www.renesys.com/2014/08/internet-512k-global-routes/},
}

@inproceedings{elephantmice,
  title={{A Pragmatic Definition of Elephants in Internet Backbone Traffic}},
  author={Papagiannaki, K. and Taft, N. and Bhattacharyya, S. and Thiran, P. and Salamatian, K. and Diot, C.},
  crossref={sigcomm02},
  pages={175--176},
}

@article{partial_eval,
    year={1999},
    journal={Higher-Order and Symbolic Computation},
    volume={12},
    number={4},
    title={{Partial Evaluation of Computation Process--An Approach to a Compiler-Compiler}},
    author={Futamura, Y.},
    pages={381--391},
}

@article{DBLP:journals/ngc/MogensenH88,
  author    = {Mogensen, T. and
               Holst, K.},
  title     = {Terminology},
  journal   = {{New Generation Computing}},
  volume    = {6},
  number    = {2{\&}3},
  year      = {1988},
  pages     = {303-307}
}

@book{intelsys,
	author        = {{Intel Corporation}},
	title         = {{Intel\textsuperscript{\textregistered} 64 and IA-32 Architectures Software Developer's Manual}},
	year          = {2009},
	month         = {December},
}

@inproceedings{efficuts,
	author = {Vamanan, Balajee and Voskuilen, Gwendolyn and Vijaykumar, T. N.},
	title = {{EffiCuts: Optimizing Packet Classification for Memory and Throughput}},
	crossref = {sigcomm10},
	pages = {207--218},
} 

@inproceedings{bpf,
    title = {{The BSD Packet Filter: A New Architecture for User-level Packet Capture}},
    author = {McCanne, S. and Jacobson, V.},
    crossref = {usenixwinter93},
}

@inproceedings{dpf,
    title = {{DPF: Fast, Flexible Message Demultiplexing using Dynamic Code Generation}},
    author = {Engler, D. and Kaashoek, M.},
    crossref = {sigcomm96},
    pages = {53--59}
}

@inproceedings{tries,
  title={{Packet Classification for Core Routers: Is there an Alternative to CAMs?}},
  author={Baboescu, F. and Singh, S. and Varghese, G.},
  crossref={infocom03},
  pages={53--63}
}

@inproceedings{hypercuts,
	author = {Singh, Sumeet and Baboescu, Florin and Varghese, George and Wang, Jia},
	title = {{Packet Classification Using Multidimensional Cutting}},
	crossref = {sigcomm03},
	pages = {213--224}
}

@article{trafficonthefly,
  title={{Traffic classification on the fly}},
  author={Bernaille, L. and Teixeira, R. and Akodkenou, I. and Soule, A. and Salamatian, K.},
  journal={ACM SIGCOMM Computer Communication Review},
  volume={36},
  number={2},
  pages={23--26},
  year={2006},
  publisher={ACM}
}
